@misc{politicaCalidadCanastell,
  author       = {{CIPFP Canastell}},
  title        = {Política de Qualitat CIPFP Canastell},
  howpublished = {Documento interno del centro},
  note         = {Aprobado el 1 de julio de 2022. Director: Carlos Llorca Jerez.},
  year         = {2022}
}

@misc{proyectoDireccion2022,
  author       = {Llorca Jerez, Carlos},
  title        = {PROYECTO DE DIRECCIÓN 2022--2026},
  howpublished = {Documento interno, CIPFP Canastell, San Vicente del Raspeig (Alicante)},
  year         = {2022},
  note         = {e-mail: c.llorcajerez@edu.gva.es}
}

@misc{RD1772008,
  title        = {{Real Decreto 177/2008, de 8 de febrero, por el que se establece el título de Técnico en Instalaciones Eléctricas y Automáticas y se fijan sus enseñanzas mínimas}},
  howpublished = {\url{https://www.boe.es/eli/es/rd/2008/02/08/177/dof/spa/pdf}},
  year         = {2008},
  note         = {Publicado en el BOE núm. 61, de 11 de marzo de 2008},
  author       = {Ministerio de Educación y Ciencia},
}

@misc{RD1772008_art4,
  title        = {{Real Decreto 177/2008, de 8 de febrero, por el que se establece el título de Técnico en Instalaciones Eléctricas y Automáticas y se fijan sus enseñanzas mínimas. Artículo 4: Competencia general}},
  howpublished = {\url{https://www.boe.es/eli/es/rd/2008/02/08/177/dof/spa/pdf}},
  year         = {2008},
  note         = {Publicado en el BOE núm. 61, de 11 de marzo de 2008},
  author       = {Ministerio de Educación y Ciencia},
}

@misc{RD1772008_art5,
  title        = {{Real Decreto 177/2008, de 8 de febrero, por el que se establece el título de Técnico en Instalaciones Eléctricas y Automáticas y se fijan sus enseñanzas mínimas. Artículo 5: Competencias profesionales, personales y sociales}},
  howpublished = {\url{https://www.boe.es/eli/es/rd/2008/02/08/177/dof/spa/pdf}},
  year         = {2008},
  note         = {Publicado en el BOE núm. 61, de 11 de marzo de 2008},
  author       = {Ministerio de Educación y Ciencia},
}

@misc{RD1772008_art9,
  title        = {{Real Decreto 177/2008, de 8 de febrero, por el que se establece el título de Técnico en Instalaciones Eléctricas y Automáticas y se fijan sus enseñanzas mínimas. Artículo 9: Objetivos generales}},
  howpublished = {\url{https://www.boe.es/eli/es/rd/2008/02/08/177/dof/spa/pdf}},
  year         = {2008},
  note         = {Publicado en el BOE núm. 61, de 11 de marzo de 2008},
  author       = {Ministerio de Educación y Ciencia},
}

@misc{Orden82_2009,
  title        = {{Orden de 27 de noviembre de 2009, de la Conselleria de Educación, por la que se establece el currículo del ciclo formativo de grado medio correspondiente al título de Técnico en Instalaciones Eléctricas y Automáticas en la Comunitat Valenciana}},
  howpublished = {\url{https://dogv.gva.es/datos/2009/09/02/pdf/2009_9814.pdf}},
  year         = {2009},
  note         = {DOGV núm. 6150, de 2 de septiembre de 2009},
  author       = {Conselleria de Educación de la Generalitat Valenciana},
}

@misc{LOMLOE2020,
  title        = {{Ley Orgánica 3/2020, de 29 de diciembre, por la que se modifica la Ley Orgánica 2/2006, de Educación (LOMLOE)}},
  howpublished = {\url{https://www.boe.es/eli/es/lo/2020/12/29/3/con}},
  year         = {2020},
  note         = {Publicado en el BOE núm. 340, de 30 de diciembre de 2020},
  author       = {Jefatura del Estado},
}
